
@Article{perez02adaptive,
  author   = {Victor M. P\'{e}rez and John E. Renaud and Layne T. Watson},
  title    = {Adaptive Experimental Design for Construction of Response Surface Approximations},
  journal  = {AIAA Journal},
  year     = {2002},
  volume   = {40},
  number   = {12},
  pages    = {2495--2503}
}

@InProceedings{lewis94sequential,
  author    = {Lewis, David D. and Gale, William A.},
  title     = {A Sequential Algorithm for Training Text Classifiers},
  booktitle = {SIGIR '94},
  year      = {1994},
  editor    = {Croft, Bruce W. and van Rijsbergen, C. J.},
  pages     = {3--12},
  address   = {London},
  publisher = {Springer London}
}

@Article{lamperti18calibration,
  author   = {Francesco Lamperti and Andrea Roventini and Amir Sani},
  title    = {Agent-based Model Calibration Using Machine Learning Surrogates},
  journal  = {Journal of Economic Dynamic \& Control},
  year     = {2018},
  volume   = {90},
  pages    = {366--389}
}

@InCollection{barton06metamodel,
  author    = {Russell R. Barton and Martin Meckesheimer},
  title     = {Metamodel-Based Simulation Optimization},
  booktitle = {Simulation},
  publisher = {Elsevier},
  year      = {2006},
  editor    = {Shane G. Henderson and Barry L. Nelson},
  volume    = {13},
  series    = {Handbooks in Operations Research and Management Science},
  pages     = {535 - 574}
}

@InProceedings{sung95active,
  author    = {Kah Kay Sung and Partha Niyogi},
  title     = {Active Learning for Function Approximation},
  booktitle = {Proc. NIPS},
  year      = {1995}
}

@Article{axtell96aligning,
  author   = {Robert Axtell and Robert Axelrod and Joshua M. Epstein and Michael D. Cohen},
  title    = {Aligning Simulation Models: A Case Study and Results},
  journal  = {Computational and Mathematical Organization Theory},
  year     = {1996},
  volume   = {1},
  number   = {2},
  pages    = {123--141}
}


@InProceedings{burton99validation,
  author    = {Richard M. Burton and B{\o}rge Obel},
  title     = {The Challenge of Validation and Docking},
  booktitle = {Proceedings of the Workshop on Agent Simulation: Applications, Models, and Tools},
  year      = {1999},
  eventdate = {Oct 15-16},
  venue     = {University of Chicago},
  publisher = {Argonne National Laboratory},
  pages     = {216--221}
}


@TechReport{carley04response,
  author      = {Kathleen M. Carley and Natalia Y. Kamneva and Jeff Reminga},
  title       = {Response Surface Methodology},
  institution = {Carnegie Mellon University},
  year        = {2004},
  type        = {CASOS Technical Report},
  number      = {CMU-ISRI-04-136}
}


@Article{fadikar17emulation,
  author   = {Arindam Fadikar and Dave Higdon and Jiangzhuo Chen and Bryan L. Lewis and Srini Venkatramanan and Madhav V. Marathe},
  title    = {Calibrating a Stochastic Agent-based Model using Quantile-based Emulation},
  journal  = {SIAM/ASA J. Uncertainty Quantification},
  year     = {2018},
  volume   = {6},
  number   = {4},
  pages    = {1685-1706}
}

@Article{box51response,
  author   = {G. E. P. Box and K. B. Wilson},
  title    = {On the Experimental Attainment of Optimum Conditions},
  journal  = {Journal of the Royal Statistical Society, Series B (Methodological)},
  year     = {1951},
  volume   = {13},
  number   = {1},
  pages    = {1--45}
}

@InProceedings{neddermeijer00response,
  author    = {Neddermeijer, H. Gonda and van Oortmarssen, Gerrit J. and Piersma, Nanda and Dekker, Rommert},
  title     = {A Framework for Response Surface Methodology for Simulation Optimization},
  booktitle = {Proceedings of the 32nd Conference on Winter Simulation},
  year      = {2000},
  editor    = {J. A. Joines and R. R. Barton and K. Kang and P. A. Fishwick},
  series    = {WSC '00},
  pages     = {129--136},
  address   = {San Diego, CA, USA},
  publisher = {Society for Computer Simulation International},
  acmid     = {510401},
  isbn      = {0-7803-6582-8},
  keywords  = {response surface methodology, agent-based simulations},
  location  = {Orlando, Florida},
  numpages  = {8},
  url       = {http://dl.acm.org/citation.cfm?id=510378.510401},
}


@Article{zhang16solar,
  author    = {Haifeng Zhang and Yevgeniy Vorobeychik and Joshua Letchford and Kiran Lakkaraju},
  title     = {Data-driven agent-based modeling, with application to rooftop solar adoption},
  journal   = {Auton Agent Multi-Agent Syst},
  year      = {2016},
  volume    = {30},
  number    = {6},
  pages     = {1023--1049},
  doi       = {10.1007/s10458-016-9326-8}
}


@InProceedings{hu19rooftop,
  author    = {Zhihao Hu and Xinwei Deng and Achla Marathe and Samarth Swarup and Anil Vullikanti},
  title     = {Decision-Adjusted Modeling for Imbalanced Classification: Predicting Rooftop Solar Panel Adoption in Rural Virginia},
  booktitle = {Proceedings of The Computational Social Science Conference},
  year      = {2019}
}

@InProceedings{gupta18rooftop_css,
  author    = {Aparna Gupta and Zhihao Hu and Achla Marathe and Samarth Swarup and Anil Vullikanti},
  title     = {Predictors of Rooftop Solar Adoption in Rural {V}irginia},
  booktitle = {Proceedings of The Computational Social Science Conference},
  year      = {2018},
  month     = {10}
}

@article{Mao,
  Title= {Decision-adjusted Driver Risk Predictive Model
using Kinematics Information},
  Author= {H. Mao and F. Guo and X. Deng and Z. Doerzaph},
  Journal= {submitted to IEEE Transactions on Intelligent Transportation Systems},
  Year= {2019}
}

@Book{mortveit,
  Title                    = {An Introduction to Sequential Dynamical Systems},
  Author                   = {H.S. Mortveit and C.M. Reidys},
  Publisher                = {Springer Verlag},
  Year                     = {2007},
  Series                   = {Universitext}
}

@inproceedings{Volk-Makarewicz:2017:MVA:3242181.3242289,
 author = {Volk-Makarewicz, Warren and Cleophas, Catherine},
 title = {A Meta-algorithm for Validating Agent-based Simulation Models to Support Decision Making},
 booktitle = {Proceedings of the 2017 Winter Simulation Conference},
 series = {WSC '17},
 year = {2017},
 isbn = {978-1-5386-3427-1},
 location = {Las Vegas, Nevada},
 pages = {102:1--102:12},
 articleno = {102},
 numpages = {12},
 url = {http://dl.acm.org/citation.cfm?id=3242181.3242289},
 acmid = {3242289},
 publisher = {IEEE Press},
 address = {Piscataway, NJ, USA},
} 

@inproceedings{adiga:wsc19,
title = {Validating agent-based models of large networked systems}, 
author = {Abhijin Adiga and Chris Barrett and Stephen Eubank and Chris J. Kuhlman and Madhav V. Marathe and Henning Mortveit and S. S. Ravi and
Daniel J. Rosenkrantz and Richard E. Stearns and Samarth Swarup and Anil Vullikanti},
booktitle = {Winter Simulation Conference (WSC)},
year = 2019
}

@inproceedings{Bharathy:2010:VAB:2433508.2433559,
 author = {Bharathy, Gnana K. and Silverman, Barry},
 title = {Validating Agent Based Social Systems Models},
 booktitle = {Proceedings of the Winter Simulation Conference},
 series = {WSC '10},
 year = {2010},
 isbn = {978-1-4244-9864-2},
 location = {Baltimore, Maryland},
 pages = {441--453},
 numpages = {13},
 url = {http://dl.acm.org/citation.cfm?id=2433508.2433559},
 acmid = {2433559},
 publisher = {Winter Simulation Conference},
} 


@inproceedings{xu2003docking,
  title={A docking experiment: Swarm and repast for social network modeling},
  author={Xu, Jin and Gao, Yongqin and Madey, Gregory},
  booktitle={Seventh Annual Swarm Researchers Meeting (Swarm2003)},
  pages={1--9},
  year={2003}
}

@article{north2002beer,
  title={The beer dock: Three and a half implementations of the beer distribution game},
  author={North, Michael and Macal, Charles M},
  journal={SwarmFest, Swarm Development Group},
  year={2002}
}

@article{collier2003repast,
  title={Repast: An extensible framework for agent simulation},
  author={Collier, Nick},
  journal={The University of Chicagoâ€™s Social Science Research},
  volume={36},
  pages={2003},
  year={2003}
}

@article{minar1996swarm,
  title={The swarm simulation system: A toolkit for building multi-agent simulations},
  author={Minar, Nelson and Burkhart, Roger and Langton, Chris and Askenazi, Manor and others},
  year={1996},
  publisher={Technical report, Swarm Development Group}
}

@inproceedings{louie2003model,
  title={Model comparisons: docking ORGAHEAD and SimVision},
  author={Louie, Marcus A and Carley, Kathleen M and Haghshenass, Laleh and Kunz, John C and Levitt, Raymond E and others},
  booktitle={Proceedings of NAACSOS conference, Pittsburgh, PA},
  year={2003},
  organization={Citeseer}
}
